@Misc{Presto,
author = {Presto},
title = {Presto Distributed SQL Engine for Big Data},
howpublished = {Web Page},
timestamp = {2018-02-25},
Url = {https://prestodb.io},

}

@Misc{Talend,
author = {Talend},
title = {Talend},
howpublished = {Web Page},
timestamp = {2018-02-25},
Url = {https://www.talend.com},

}

@Misc{RapidMiner,
author = {RapidMiner},
title = {RapidMiner},
howpublished = {Web Page},
timestamp = {2018-02-25},
Url = {https://en.wikipedia.org/wiki/RapidMiner},

}

@Misc{ApacheCouchDB,
author = {Apache Couch DB},
title = {Data Where You Need It},
howpublished = {Web Page},
timestamp = {2018-02-25},
Url = {http://couchdb.apache.org},

}

@Misc{GoogleCloudBigtable,
author = {Google},
title = {CLOUD BIGTABLE},
howpublished = {Web Page},
timestamp = {2018-02-25},
Url = {https://cloud.google.com/bigtable/},

}
