@Inbook{hid-sp18-502-microsoft-azure,
  author = 	 "",
  editor =       "",
  title =        "",
  subtitle =     "",
  series =       "Microsoft Azure",
  year =         "2018",
  volume = 	 "",
  address =      "",
  edition =      "",
  publisher =    "Microsoft",
  doi = 	 "",
  url = 	 "https://azure.microsoft.com/en-us/services/",
  OPTchapter = 	 "",
  OPTpages = 	 "",
  OPTnumber = 	 "",
  OPTtype = 	 "",
  OPTmonth = 	 "",
  OPTnote = 	 "",
}
@Inbook{hid-sp18-502-nist-vol8,
  author = 	 "NBD PWG Members",
  editor =       "Gregor von Laszewski, Wo Chang",
  title =        "NIST Big Data Interoperability Framework",
  subtitle =     "Reference Architecture Interface",
  series =       "",
  year =         "2018",
  volume = 	 "8",
  address =      "",
  edition =      "draft",
  publisher =    "NIST Special Publication",
  doi = 	 "",
  url = 	 "https://laszewski.github.io/papers/NIST.SP.1500-8-draft.pdf",
  OPTchapter = 	 "",
  OPTpages = 	 "",
  OPTnumber = 	 "",
  OPTtype = 	 "",
  OPTmonth = 	 "",
  OPTnote = 	 "",
}

@Inbook{hid-sp18-502-azure-archi,
  author = 	 "",
  editor =       "",
  title =        "Run a Linux VM on Azure",
  subtitle =     "",
  series =       "Microsoft Azure",
  year =         "2018",
  volume = 	 "",
  address =      "",
  edition =      "",
  publisher =    "Microsoft",
  doi = 	 "",
  url = 	 "https://docs.microsoft.com/en-us/azure/architecture/reference-architectures/virtual-machines-linux/single-vm",
  OPTchapter = 	 "",
  OPTpages = 	 "",
  OPTnumber = 	 "",
  OPTtype = 	 "",
  OPTmonth = 	 "",
  OPTnote = 	 "",
}

@Inbook{hid-sp18-502-swagger,
  author = 	 "stephane.carrez",
  editor =       "",
  title =        "Generating a REST Ada client with OpenAPI and Swagger Codegen",
  subtitle =     "",
  series =       "Java 2 Ada",
  year =         "2017",
  volume = 	 "",
  address =      "",
  edition =      "",
  publisher =    "",
  doi = 	 "",
  url = 	 "https://blog.vacs.fr",
  OPTchapter = 	 "",
  OPTpages = 	 "",
  OPTnumber = 	 "",
  OPTtype = 	 "",
  OPTmonth = 	 "",
  OPTnote = 	 "",
}

@Inbook{hid-sp18-502-docker,
  author = 	 "",
  editor =       "",
  title =        "Docker Overview",
  subtitle =     "",
  series =       "Docker Docs",
  year =         "2018",
  volume = 	 "",
  address =      "",
  edition =      "",
  publisher =    "docker",
  doi = 	 "",
  url = 	 "https://docs.docker.com/engine/docker-overview/#the-docker-daemon",
  OPTchapter = 	 "",
  OPTpages = 	 "",
  OPTnumber = 	 "",
  OPTtype = 	 "",
  OPTmonth = 	 "",
  OPTnote = 	 "",
}

@Inbook{hid-sp18-502-azure-reference,
  author = 	 "",
  editor =       "",
  title =        "Reference",
  subtitle =     "Services",
  series =       "Microsoft Azure",
  year =         "2018",
  volume = 	 "",
  address =      "",
  edition =      "draft",
  publisher =    "Microsoft",
  doi = 	 "",
  url = 	 "https://docs.microsoft.com/en-us/python/api/overview/azure/?view=azure-python",
  OPTchapter = 	 "",
  OPTpages = 	 "",
  OPTnumber = 	 "",
  OPTtype = 	 "",
  OPTmonth = 	 "",
  OPTnote = 	 "",
}