@Inbook{hid-sp18-502-prestodb-intro,
  author = 	 "Facebook",
  editor =       "",
  title =        "Distributed SQL Query Engine for Big Data",
  subtitle =     "",
  series =       "",
  year =         "2013",
  volume = 	 "",
  address =      "",
  edition =      "",
  publisher =    "Facebook",
  doi = 	 "",
  url = 	 "https://prestodb.io",
  OPTchapter = 	 "",
  OPTpages = 	 "",
  OPTnumber = 	 "",
  OPTtype = 	 "",
  OPTmonth = 	 "",
  OPTnote = 	 "",
}

@Inbook{hid-sp18-502-prestodb-concept,
  author = 	 "",
  editor =       "prestodb",
  title =        "Presto 0.196 Documentation",
  subtitle =     "Presto Concepts",
  series =       "",
  year =         "2013",
  volume = 	 "",
  address =      "",
  edition =      "",
  publisher =    "Facebook",
  doi = 	 "",
  url = 	 "https://prestodb.io/docs/current/overview/concepts.html",
  OPTchapter = 	 "",
  OPTpages = 	 "",
  OPTnumber = 	 "",
  OPTtype = 	 "",
  OPTmonth = 	 "",
  OPTnote = 	 "",
}

@Inbook{hid-sp18-502-presto-architecture,
  author = 	 "Martin Traverso",
  editor =       "Lydia Chan",
  title =        "Presto: Interacting with petabytes of data at Facebook",
  subtitle =     "",
  series =       "",
  year =         "2013",
  volume = 	 "",
  address =      "",
  edition =      "",
  publisher =    "Facebook",
  doi = 	 "",
  url = 	 "https://www.facebook.com/notes/facebook-engineering/presto-interacting-with-petabytes-of-data-at-facebook/10151786197628920/",
  OPTchapter = 	 "",
  OPTpages = 	 "",
  OPTnumber = 	 "",
  OPTtype = 	 "",
  OPTmonth = 	 "",
  OPTnote = 	 "",
}

@Inbook{hid-sp18-502-presto-usecase,
  author = 	 "Eva Tse, Zhenxiao Luo, Nezih Yigitbasi",
  editor =       "",
  title =        "Using Presto in our Big Data Platform on AWS",
  subtitle =     "",
  series =       "The Netflix Technology Blog",
  year =         "2014",
  volume = 	 "",
  address =      "",
  edition =      "",
  publisher =    "Netflix",
  doi = 	 "",
  url = 	 "https://medium.com/netflix-techblog/using-presto-in-our-big-data-platform-on-aws-938035909fd4-of-data-at-facebook/10151786197628920/",
  OPTchapter = 	 "",
  OPTpages = 	 "",
  OPTnumber = 	 "",
  OPTtype = 	 "",
  OPTmonth = 	 "",
  OPTnote = 	 "",
}

@Inbook{hid-sp18-502-presto-compare,
  author = 	 "Treasure Data",
  editor =       "",
  title =        "Presto versus Hive: What You Need to Know",
  subtitle =     "",
  series =       "Treasure Data Blog",
  year =         "2015",
  volume = 	 "",
  address =      "",
  edition =      "",
  publisher =    "Treasure Data",
  doi = 	 "",
  url = 	 "https://medium.com/netflix-techblog/using-presto-in-our-big-data-platform-on-aws-938035909fd4-of-data-at-facebook/10151786197628920/",
  OPTchapter = 	 "",
  OPTpages = 	 "",
  OPTnumber = 	 "",
  OPTtype = 	 "",
  OPTmonth = 	 "",
  OPTnote = 	 "",
}

@Inbook{hid-sp18-502-presto-tutorial,
  author = 	 "Tutorials Point",
  editor =       "",
  title =        "Apache Presto - Architecture",
  subtitle =     "",
  series =       "Apache Presto Tutorial",
  year =         "",
  volume = 	 "",
  address =      "",
  edition =      "",
  publisher =    "Tutorials Point",
  doi = 	 "",
  url = 	 "https://www.tutorialspoint.com/apache_presto/apache_presto_architecture.htm",
  OPTchapter = 	 "",
  OPTpages = 	 "",
  OPTnumber = 	 "",
  OPTtype = 	 "",
  OPTmonth = 	 "",
  OPTnote = 	 "",
}